% Encoding: UTF-8

@article{Akin2015,
  title={What you gotta know to play good in the iterated prisoner’s dilemma},
  author={Akin, Ethan},
  journal={Games},
  volume={6},
  number={3},
  pages={175--190},
  year={2015},
  publisher={Multidisciplinary Digital Publishing Institute}
}


@inproceedings{Tzafestas2000,
  title={Toward adaptive cooperative behavior},
  author={Tzafestas, Elpida},
  booktitle={Proceedings of the Simulation of Adaptive Behavior Conference},
  pages={334--340},
  year={2000},
  organization={Citeseer}
}

@article{Li2011,
  title={Engineering design of strategies for winning iterated prisoner's dilemma competitions},
  author={Li, Jiawei and Hingston, Philip and Kendall, Graham},
  journal={IEEE Transactions on Computational Intelligence and AI in Games},
  volume={3},
  number={4},
  pages={348--360},
  year={2011},
  publisher={IEEE}
}


@Article{Hilbe2013,
  author    = {C. Hilbe and M. A. Nowak and K. Sigmund},
  title     = {Evolution of extortion in Iterated Prisoner{\textquotesingle}s Dilemma games},
  journal   = {Proceedings of the National Academy of Sciences},
  year      = {2013},
  volume    = {110},
  number    = {17},
  pages     = {6913--6918},
  month     = {apr},
  doi       = {10.1073/pnas.1214834110},
  file      = {:Hilbe2013 - Evolution of Extortion in Iterated Prisoners Dilemma Games.pdf:PDF},
  publisher = {Proceedings of the National Academy of Sciences},
}

@Article{Press2012,
  author    = {W. H. Press and F. J. Dyson},
  title     = {Iterated Prisoner{\textquotesingle}s Dilemma contains strategies that dominate any evolutionary opponent},
  journal   = {Proceedings of the National Academy of Sciences},
  year      = {2012},
  volume    = {109},
  number    = {26},
  pages     = {10409--10413},
  month     = {may},
  doi       = {10.1073/pnas.1206569109},
  file      = {:Press2012 - Iterated Prisoners Dilemma Contains Strategies That Dominate Any Evolutionary Opponent.pdf:PDF},
  keywords  = {rank5},
  publisher = {Proceedings of the National Academy of Sciences},
}

@Article{Stewart2012,
  author    = {A. J. Stewart and J. B. Plotkin},
  title     = {Extortion and cooperation in the Prisoner{\textquotesingle}s Dilemma},
  journal   = {Proceedings of the National Academy of Sciences},
  year      = {2012},
  volume    = {109},
  number    = {26},
  pages     = {10134--10135},
  month     = {jun},
  doi       = {10.1073/pnas.1208087109},
  file      = {:Stewart2012 - Extortion and Cooperation in the Prisoners Dilemma.pdf:PDF},
  keywords  = {rank3},
  publisher = {Proceedings of the National Academy of Sciences},
}

@Book{Golub2013,
  title     = {Matrix Computations},
  publisher = {J. Hopkins Uni. Press},
  year      = {2013},
  author    = {Golub, Gene H.},
  isbn      = {1421407949},
  date      = {2013-01-07},
  ean       = {9781421407944},
  file      = {:Golub2013 - Matrix Computations.pdf:PDF},
  keywords  = {rank5},
  url       = {https://www.ebook.de/de/product/20241149/gene_h_golub_matrix_computations.html},
}

@Article{Knight2016,
  author    = {Vincent Knight and Owen Campbell and Marc Harper and Karol M. Langner and James Campbell and Thomas Campbell and Alex Carney and Martin Chorley and Cameron Davidson-Pilon and Kristian Glass and Nikoleta Glynatsi and Tom{\'{a}}{\v{s}} Ehrlich and Martin Jones and Georgios Koutsovoulos and Holly Tibble and Jochen Muller and Geraint Palmer and Piotr Petunov and Paul Slavin and Timothy Standen and Luis Visintini and Karl Molden},
  title     = {An Open Framework for the Reproducible Study of the Iterated Prisoner's Dilemma},
  journal   = {Journal of Open Research Software},
  year      = {2016},
  volume    = {4},
  month     = {aug},
  doi       = {10.5334/jors.125},
  file      = {:Knight2016 - An Open Framework for the Reproducible Study of the Iterated Prisoner's Dilemma.pdf:PDF},
  publisher = {Ubiquity Press, Ltd.},
}

@Book{Stewart2009,
  title     = {Probability, Markov Chains, Queues, and Simulation},
  publisher = {Princeton Univers. Press},
  year      = {2009},
  author    = {Stewart, William J.},
  isbn      = {0691140626},
  date      = {2009-07-11},
  ean       = {9780691140629},
  keywords  = {rank5},
  pagetotal = {760},
  url       = {https://www.ebook.de/de/product/8052317/william_j_stewart_probability_markov_chains_queues_and_simulation.html},
}

@InProceedings{Moran1707,
  author = {Vincent Knight and Marc Harper and Nikoleta E. Glynatsi and Owen Campbell},
  title  = {Evolution Reinforces Cooperation with the Emergence of Self-Recognition Mechanisms: an empirical study of the Moran process for the iterated Prisoner's dilemma},
  year   = {2017},
  file   = {:Moran1707 - Evolution Reinforces Cooperation with the Emergence of Self Recognition.pdf:PDF},
}

@Article{Ashlock2008,
  author    = {D. Ashlock and E.-Y. Kim},
  title     = {Fingerprinting: Visualization and Automatic Analysis of Prisoner{\textquotesingle}s Dilemma Strategies},
  journal   = {{IEEE} Transactions on Evolutionary Computation},
  year      = {2008},
  volume    = {12},
  number    = {5},
  pages     = {647--659},
  month     = {oct},
  doi       = {10.1109/tevc.2008.920675},
  file      = {:Ashlock2008 - Fingerprinting_ Visualization and Automatic Analysis of Prisoners Dilemma Strategies.pdf:PDF},
  keywords  = {rank3},
  publisher = {Institute of Electrical and Electronics Engineers ({IEEE})},
}

@Article{Wu1995,
  author    = {Jianzhong Wu and Robert Axelrod},
  title     = {How to Cope with Noise in the Iterated Prisoner{\textquotesingle}s Dilemma},
  journal   = {Journal of Conflict Resolution},
  year      = {1995},
  volume    = {39},
  number    = {1},
  pages     = {183--189},
  month     = {mar},
  doi       = {10.1177/0022002795039001008},
  file      = {:1995 - Wu, Axelrod - How to Cope with Noise in the Iterated Prisoner's Dilemma.pdf:PDF},
  publisher = {{SAGE} Publications},
}

@Article{Axelrod1980,
  author    = {Robert Axelrod},
  title     = {Effective Choice in the Prisoner{\textquotesingle}s Dilemma},
  journal   = {Journal of Conflict Resolution},
  year      = {1980},
  volume    = {24},
  number    = {1},
  pages     = {3--25},
  month     = {mar},
  doi       = {10.1177/002200278002400101},
  file      = {:/home/vince/Dropbox/Mendeley/1980/1980 - Axelrod - Effective Choice in the Prisoner's Dilemma.pdf:PDF},
  publisher = {{SAGE} Publications},
}

@Article{Axelrod1980a,
  author    = {Robert Axelrod},
  title     = {More Effective Choice in the Prisoner{\textquotesingle}s Dilemma},
  journal   = {Journal of Conflict Resolution},
  year      = {1980},
  volume    = {24},
  number    = {3},
  pages     = {379--403},
  month     = {sep},
  doi       = {10.1177/002200278002400301},
  file      = {:/home/vince/Dropbox/Mendeley/1980/1980 - Axelrod - More Effective Choice in the Prisoner's Dilemma.pdf:PDF},
  publisher = {{SAGE} Publications},
}

@Article{Wilson2014,
  author    = {Greg Wilson and D. A. Aruliah and C. Titus Brown and Neil P. Chue Hong and Matt Davis and Richard T. Guy and Steven H. D. Haddock and Kathryn D. Huff and Ian M. Mitchell and Mark D. Plumbley and Ben Waugh and Ethan P. White and Paul Wilson},
  title     = {Best Practices for Scientific Computing},
  journal   = {{PLoS} Biology},
  year      = {2014},
  volume    = {12},
  number    = {1},
  pages     = {e1001745},
  month     = {jan},
  doi       = {10.1371/journal.pbio.1001745},
  editor    = {Jonathan A. Eisen},
  file      = {:Wilson2014 - Best Practices for Scientific Computing.pdf:PDF},
  publisher = {Public Library of Science ({PLoS})},
}

@Misc{Knight2018,
  author    = {Knight, Vince and Campbell, Owen and Marc and {Eric-S-S} and {VSN Reddy Janga} and Campbell, James and Langner, Karol M. and {T.J. Gaffney} and {Sourav Singh} and Nikoleta and Rymer, Julie and Campbell, Thomas and Young, Jason and {MHakem} and Palmer, Geraint and Glass, Kristian and {EdouardArgenson} and Mancia, Daniel and Jones, Martin and Davidson-Pilon, Cameron and {Alajara} and Das, Ranjini and Zoulias, Marios and Kratz, Aaron and Standen, Timothy and Slavin, Paul and Pohl, Adam and Müller, Jochen and Koutsovoulos, Georgios and {Areeb Ahmed}},
  title     = {Axelrod-Python/Axelrod: V4.2.0},
  year      = {2018},
  doi       = {10.5281/zenodo.1252994},
  publisher = {Zenodo},
}

@Article{Petzold1983,
  author    = {Linda Petzold},
  title     = {Automatic Selection of Methods for Solving Stiff and Nonstiff Systems of Ordinary Differential Equations},
  journal   = {{SIAM} Journal on Scientific and Statistical Computing},
  year      = {1983},
  volume    = {4},
  number    = {1},
  pages     = {136--148},
  month     = {mar},
  doi       = {10.1137/0904010},
  publisher = {Society for Industrial {\&} Applied Mathematics ({SIAM})},
}

@Article{Rand2013,
  author    = {David G. Rand and Martin A. Nowak},
  title     = {Human cooperation},
  journal   = {Trends in Cognitive Sciences},
  year      = {2013},
  volume    = {17},
  number    = {8},
  pages     = {413--425},
  month     = {aug},
  doi       = {10.1016/j.tics.2013.06.003},
  file      = {:Rand2013 - Human Cooperation.pdf:PDF},
  publisher = {Elsevier {BV}},
}

@Misc{Droettboom2018,
  author    = {Droettboom, Michael and Caswell, Thomas A and Hunter, John and Firing, Eric and Nielsen, Jens Hedegaard and Lee, Antony and Andrade, Elliott Sales De and Varoquaux, Nelle and Stansby, David and Root, Benjamin and Elson, Phil and Dale, Darren and {Jae-Joon Lee} and May, Ryan and Seppänen, Jouni K. and Klymak, Jody and McDougall, Damon and Straw, Andrew and Hobson, Paul and {Cgohlke} and Yu, Tony S and Ma, Eric and Vincent, Adrien F. and Silvester, Steven and Moad, Charlie and Katins, Jan and Kniazev, Nikita and Hoffmann, Tim and Ariza, Federico and Würtz, Peter},
  title     = {Matplotlib/Matplotlib V2.2.2},
  year      = {2018},
  doi       = {10.5281/zenodo.1202077},
  publisher = {Zenodo},
}

@Misc{Jones2001,
  author = {Eric Jones and Travis Oliphant and Pearu Peterson and others},
  title  = {{SciPy}: Open source scientific tools for {Python}},
  year   = {2001--},
  note   = {[Online; accessed <today>]},
  url    = {http://www.scipy.org/},
}

@InProceedings{Structures2010,
  author   = {Data Structures and for Statistical and Computing in Python and Wes McKinney},
  title    = {PROC. OF THE 9th PYTHON IN SCIENCE CONF. (SCIPY 2010)},
  year     = {2010},
  abstract = {In this paper we are concerned with the practical issues of working initially developed for quantitative finance applications. Most
with data sets common to finance, statistics, and other related fields. pandas of our examples here stem from time series and cross-sectional
is a new library which aims to facilitate working with these data sets and to data arising in financial modeling. The package’s name derives
provide a set of fundamental building blocks for implementing statistical models. from panel data, which is a term for 3-dimensional data
We will discuss specific design issues encountered in the course of developing
pandas with relevant examples and some comparisons with the R language. sets encountered in statistics and econometrics. We hope that
We conclude by discussing possible future directions for statistical computing pandas will help make scientific Python a more attractive and
and data analysis using Python. practical statistical computing environment for academic and},
  file     = {:Structures2010 - PROC. oF tHE 9th PYTHON iN SCIENCE CONF. (SCIPY 2010).pdf:PDF},
}

@Book{Oliphant2015,
  title     = {Guide to NumPy: 2nd Edition},
  publisher = {CreateSpace Independent Publishing Platform},
  year      = {2015},
  author    = {Travis E. Oliphant},
  isbn      = {9781517300074},
  url       = {https://www.amazon.com/Guide-NumPy-Travis-Oliphant-PhD/dp/151730007X?SubscriptionId=0JYN1NVW651KCA56C102&tag=techkie-20&linkCode=xm2&camp=2025&creative=165953&creativeASIN=151730007X},
}

@Manual{Dask2016,
  title  = {Dask: Library for dynamic task scheduling},
  author = {{Dask Development Team}},
  year   = {2016},
  url    = {http://dask.pydata.org},
}

@Article{Harper2017,
  author    = {Marc Harper and Vincent Knight and Martin Jones and Georgios Koutsovoulos and Nikoleta E. Glynatsi and Owen Campbell},
  title     = {Reinforcement learning produces dominant strategies for the Iterated Prisoner's Dilemma},
  journal   = {{PLOS} {ONE}},
  year      = {2017},
  volume    = {12},
  number    = {12},
  pages     = {e0188046},
  month     = {dec},
  doi       = {10.1371/journal.pone.0188046},
  editor    = {Yong Deng},
  file      = {:Harper2017 - Reinforcement Learning Produces Dominant Strategies for the Iterated Prisoner's Dilemma.pdf:PDF},
  publisher = {Public Library of Science ({PLoS})},
}

@misc{vincent_knight_2018_1297075,
  author       = {Vincent Knight},
  title        = {{Raw data for: "Suspicion: Recognising and 
                   evaluating the effectiveness of extortion in the
                   Iterated Prisoner's Dilemma"}},
  month        = jun,
  year         = 2018,
  doi          = {10.5281/zenodo.1297075},
  url          = {https://doi.org/10.5281/zenodo.1297075}
}

@misc{vincent_knight_2019_2598534,
  author       = {Vincent Knight},
  title        = {{Source code for paper on recognising zero 
                   determinant strategies}},
  month        = mar,
  year         = 2019,
  doi          = {10.5281/zenodo.2598534},
  url          = {https://doi.org/10.5281/zenodo.2598534}
}

@Article{Meurer2017,
  author    = {Aaron Meurer and Christopher P. Smith and Mateusz Paprocki and Ond{\v{r}}ej {\v{C}}ert{\'{\i}}k and Sergey B. Kirpichev and Matthew Rocklin and AMiT Kumar and Sergiu Ivanov and Jason K. Moore and Sartaj Singh and Thilina Rathnayake and Sean Vig and Brian E. Granger and Richard P. Muller and Francesco Bonazzi and Harsh Gupta and Shivam Vats and Fredrik Johansson and Fabian Pedregosa and Matthew J. Curry and Andy R. Terrel and {\v{S}}t{\v{e}}p{\'{a}}n Rou{\v{c}}ka and Ashutosh Saboo and Isuru Fernando and Sumith Kulal and Robert Cimrman and Anthony Scopatz},
  title     = {{SymPy}: symbolic computing in Python},
  journal   = {{PeerJ} Computer Science},
  year      = {2017},
  volume    = {3},
  pages     = {e103},
  month     = {jan},
  doi       = {10.7717/peerj-cs.103},
  publisher = {{PeerJ}},
}

@book{kutner2004applied,
  title={Applied linear regression models},
  author={Kutner, Michael H and Nachtsheim, Chris and Neter, John},
  year={2004},
  publisher={McGraw-Hill/Irwin}
}

@book{rao1973linear,
  title={Linear statistical inference and its applications},
  author={Rao, Calyampudi Radhakrishna},
  volume={2},
  year={1973},
  publisher={Wiley New York}
}

@book{wakefield2013bayesian,
  title={Bayesian and frequentist regression methods},
  author={Wakefield, Jon},
  year={2013},
  publisher={Springer Science \& Business Media}

}

@article{hilbe2015partners,
  title={Partners or rivals? Strategies for the iterated prisoner's dilemma},
  author={Hilbe, Christian and Traulsen, Arne and Sigmund, Karl},
  journal={Games and economic behavior},
  volume={92},
  pages={41--52},
  year={2015},
  publisher={Elsevier}
}

@article{adami2013evolutionary,
  title={Evolutionary instability of zero-determinant strategies demonstrates that winning is not everything},
  author={Adami, Christoph and Hintze, Arend},
  journal={Nature communications},
  volume={4},
  pages={2193},
  year={2013},
  publisher={Nature Publishing Group}
}

@article{hilbe2013adaptive,
  title={Adaptive dynamics of extortion and compliance},
  author={Hilbe, Christian and Nowak, Martin A and Traulsen, Arne},
  journal={PloS one},
  volume={8},
  number={11},
  pages={e77886},
  year={2013},
  publisher={Public Library of Science}
}


@article{ichinose2018zero,
  title={Zero-determinant strategies in finitely repeated games},
  author={Ichinose, Genki and Masuda, Naoki},
  journal={Journal of theoretical biology},
  volume={438},
  pages={61--77},
  year={2018},
  publisher={Elsevier}
}

@misc{vincent_knight_2017_1040129,
  author       = {Vincent Knight and
                  Marc Harper and
                  Nikoleta E. Glynatsi},
  title        = {{Data for: Evolution Reinforces Cooperation with 
                   the Emergence of Self-Recognition  Mechanisms: an
                   empirical study of the Moran process for the
                   iterated Prisoner's dilemma using reinforcement
                   learning}},
  month        = nov,
  year         = 2017,
  doi          = {10.5281/zenodo.1040129},
  url          = {https://doi.org/10.5281/zenodo.1040129}
}

@article{darwin1869origin,
  title={ORIGIN OF SPECIES.},
  author={Darwin, Charles},
  journal={The Athenaeum},
  number={2174},
  pages={861--861},
  year={1869},
  publisher={J. Frances, etc.}
}

@article{becks2019extortion,
  title={Extortion strategies resist disciplining when higher competitiveness is rewarded with extra gain},
  author={Becks, Lutz and Milinski, Manfred},
  journal={Nature communications},
  volume={10},
  number={1},
  pages={783},
  year={2019},
  publisher={Nature Publishing Group}
}

