@Book{Stewart2009,
  title     = {Probability, Markov Chains, Queues, and Simulation},
  publisher = {Princeton Univers. Press},
  year      = {2009},
  author    = {Stewart, William J.},
  isbn      = {0691140626},
  date      = {2009-07-11},
  ean       = {9780691140629},
  keywords  = {rank5},
  pagetotal = {760},
  url       = {https://www.ebook.de/de/product/8052317/william_j_stewart_probability_markov_chains_queues_and_simulation.html},
}
