% Encoding: UTF-8

@article{Akin2015,
  title={What you gotta know to play good in the iterated prisoner’s dilemma},
  author={Akin, Ethan},
  journal={Games},
  volume={6},
  number={3},
  pages={175--190},
  year={2015},
  publisher={Multidisciplinary Digital Publishing Institute}
}


@inproceedings{Tzafestas2000,
  title={Toward adaptive cooperative behavior},
  author={Tzafestas, Elpida},
  booktitle={Proceedings of the Simulation of Adaptive Behavior Conference},
  pages={334--340},
  year={2000},
  organization={Citeseer}
}

@article{Li2011,
  title={Engineering design of strategies for winning iterated prisoner's dilemma competitions},
  author={Li, Jiawei and Hingston, Philip and Kendall, Graham},
  journal={IEEE Transactions on Computational Intelligence and AI in Games},
  volume={3},
  number={4},
  pages={348--360},
  year={2011},
  publisher={IEEE}
}


@Article{Hilbe2013,
  author    = {C. Hilbe and M. A. Nowak and K. Sigmund},
  title     = {Evolution of extortion in Iterated Prisoner{\textquotesingle}s Dilemma games},
  journal   = {Proceedings of the National Academy of Sciences},
  year      = {2013},
  volume    = {110},
  number    = {17},
  pages     = {6913--6918},
  month     = {apr},
  doi       = {10.1073/pnas.1214834110},
  file      = {:Hilbe2013 - Evolution of Extortion in Iterated Prisoners Dilemma Games.pdf:PDF},
  publisher = {Proceedings of the National Academy of Sciences},
}

@Article{Press2012,
  author    = {W. H. Press and F. J. Dyson},
  title     = {Iterated Prisoner{\textquotesingle}s Dilemma contains strategies that dominate any evolutionary opponent},
  journal   = {Proceedings of the National Academy of Sciences},
  year      = {2012},
  volume    = {109},
  number    = {26},
  pages     = {10409--10413},
  month     = {may},
  doi       = {10.1073/pnas.1206569109},
  file      = {:Press2012 - Iterated Prisoners Dilemma Contains Strategies That Dominate Any Evolutionary Opponent.pdf:PDF},
  keywords  = {rank5},
  publisher = {Proceedings of the National Academy of Sciences},
}

@Article{Stewart2012,
  author    = {A. J. Stewart and J. B. Plotkin},
  title     = {Extortion and cooperation in the Prisoner{\textquotesingle}s Dilemma},
  journal   = {Proceedings of the National Academy of Sciences},
  year      = {2012},
  volume    = {109},
  number    = {26},
  pages     = {10134--10135},
  month     = {jun},
  doi       = {10.1073/pnas.1208087109},
  file      = {:Stewart2012 - Extortion and Cooperation in the Prisoners Dilemma.pdf:PDF},
  keywords  = {rank3},
  publisher = {Proceedings of the National Academy of Sciences},
}

@Misc{Knight2018,
  author    = {Knight, Vince and Campbell, Owen and Marc and {Eric-S-S} and {VSN Reddy Janga} and Campbell, James and Langner, Karol M. and {T.J. Gaffney} and {Sourav Singh} and Nikoleta and Rymer, Julie and Campbell, Thomas and Young, Jason and {MHakem} and Palmer, Geraint and Glass, Kristian and {EdouardArgenson} and Mancia, Daniel and Jones, Martin and Davidson-Pilon, Cameron and {Alajara} and Das, Ranjini and Zoulias, Marios and Kratz, Aaron and Standen, Timothy and Slavin, Paul and Pohl, Adam and Müller, Jochen and Koutsovoulos, Georgios and {Areeb Ahmed}},
  title     = {Axelrod-Python/Axelrod: V4.2.0},
  year      = {2018},
  doi       = {10.5281/zenodo.1252994},
  publisher = {Zenodo},
}

@Misc{LessWrong2011,
  author    = LessWrong,
  title     = {Zoo of strategies},
  year      = {2011},
  url       = {http://lesswrong.com/lw/7f2/prisoners_dilemma_tournament_results/},
}

@Book{Axelrod1984,
  author    = {Robert Axelrod},
  title     = {The Evolution of Cooperation},
  year      = {1985},
  publisher = {Basic Books},
  isbn      = {0-465-02121-2},
  url       = {https://www.amazon.com/Evolution-Cooperation-Robert-Axelrod/dp/0465021212?SubscriptionId=AKIAIOBINVZYXZQZ2U3A&tag=chimbori05-20&linkCode=xm2&camp=2025&creative=165953&creativeASIN=0465021212},
}
@article{Mittal2009,
  title={Optimal strategies of the iterated prisoner's dilemma problem for multiple conflicting objectives},
  author={Mittal, Shashi and Deb, Kalyanmoy},
  journal={IEEE Transactions on Evolutionary Computation},
  volume={13},
  number={3},
  pages={554--565},
  year={2009},
  publisher={IEEE}
}

@article{Hilbe2017,
  title={Memory-n strategies of direct reciprocity},
  author={Hilbe, Christian and Martinez-Vaquero, Luis A and Chatterjee, Krishnendu and Nowak, Martin A},
  journal={Proceedings of the National Academy of Sciences},
  volume={114},
  number={18},
  pages={4715--4720},
  year={2017},
  publisher={National Acad Sciences}
}

@article{Li2007,
  title={How to design a strategy to win an IPD tournament},
  author={Li, Jiawei and others},
  journal={The iterated prisoner’s dilemma},
  volume={20},
  pages={89--104},
  year={2007}
}

@misc{Prison1998,
  author       = {LIFL},
  title        = {PRISON},
  year         = 2008,
  howpublished          = {http://www.lifl.fr/IPD/ipd.frame.html}
}

@article{Axelrod1980b,
    author = {Axelrod, Robert},
    doi = {10.1177/002200278002400301},
    isbn = {00220027},
    issn = {0022-0027},
    journal = {Journal of Conflict Resolution},
    number = {3},
    pages = {379--403},
    title = {{More Effective Choice in the Prisoner's Dilemma}},
    volume = {24},
    year = {1980}
}

@article{Nachbar1992,
  title={{Evolution in the finitely repeated prisoner's dilemma}},
  author={Nachbar, John H},
  journal={Journal of Economic Behavior \& Organization},
  volume={19},
  number={3},
  pages={307--326},
  year={1992},
  publisher={Elsevier}
}

@incollection{Luis2008,
  title={Dynamics of the Bush-Mosteller learning algorithm in 2x2 games},
  author={Izquierdo, Luis R and Izquierdo, Segismundo S},
  booktitle={Reinforcement Learning},
  year={2008},
  publisher={InTech}
}

@article{Li2009,
    author = {Li, Jiawei and Kendall, Graham},
    doi = {10.1162/evco.2009.17.2.257},
    isbn = {1063-6560},
    issn = {1063-6560},
    journal = {Evolutionary Computation},
    number = {2},
    pages = {257--274},
    pmid = {19413490},
    title = {{A strategy with novel evolutionary features for the iterated
             prisoner's dilemma.}},
    url = {http://www.ncbi.nlm.nih.gov/pubmed/19413490},
    volume = {17},
    year = {2009}
}

@article{Axelrod1980,
  title={{Effective choice in the prisoner's dilemma}},
  author={Axelrod, Robert},
  journal={Journal of conflict resolution},
  volume={24},
  number={1},
  pages={3--25},
  year={1980},
  publisher={Sage Publications Sage CA: Los Angeles, CA}
}
@article{Axelrod1995,
  title={{How to cope with noise in the iterated prisoner's dilemma}},
  author={Wu, Jianzhong and Axelrod, Robert},
  journal={Journal of Conflict resolution},
  volume={39},
  number={1},
  pages={183--189},
  year={1995},
  publisher={Sage Periodicals Press 2455 Teller Road, Thousand Oaks, CA 91320}
}

@misc{Eckhart2015,
  author       = {Eckhart, Arnold},
  title        = { CoopSim v0.9.9 beta 6},
  year         = 2015,
  howpublished          = {https://github.com/jecki/CoopSim/}
}

@inproceedings{Berg2015,
  title={{The importance of mechanisms for the evolution of cooperation}},
  author={Van den Berg, Pieter and Weissing, Franz J},
  booktitle={Proc. R. Soc. B},
  volume={282},
  number={1813},
  pages={20151382},
  year={2015},
  organization={The Royal Society}
}

@article{Ashlock2006,
  title={Understanding representational sensitivity in the iterated prisoner's dilemma with fingerprints},
  author={Ashlock, Daniel and Kim, Eun-Youn and Leahy, Nicole},
  journal={IEEE Transactions on Systems, Man, and Cybernetics, Part C (Applications and Reviews)},
  volume={36},
  number={4},
  pages={464--475},
  year={2006},
  publisher={IEEE}
}

@inproceedings{Ashlock2006b,
  title={{Changes in prisoner’s dilemma strategies over evolutionary time with different population sizes}},
  author={Ashlock, Wendy and Ashlock, Daniel},
  booktitle={Evolutionary Computation, 2006. CEC 2006. IEEE Congress on},
  pages={297--304},
  year={2006},
  organization={IEEE}
}

@article{Frean1994,
  title={{The prisoner's dilemma without synchrony}},
  author={Frean, Marcus R},
  journal={Proceedings of the Royal Society of London B: Biological Sciences},
  volume={257},
  number={1348},
  pages={75--79},
  year={1994},
  publisher={The Royal Society}
}

@article{Gaudesi2016,
  title={{Exploiting evolutionary modeling to prevail in iterated prisoner’s dilemma tournaments}},
  author={Gaudesi, Marco and Piccolo, Elio and Squillero, Giovanni and Tonda, Alberto},
  journal={IEEE Transactions on Computational Intelligence and AI in Games},
  volume={8},
  number={3},
  pages={288--300},
  year={2016},
  publisher={IEEE}
}

@article{Nowak1993,
	author = {Nowak, Martin A and Sigmund, Karl},
	doi = {10.1038/364056a0},
	isbn = {0028-0836},
	issn = {0028-0836},
	journal = {Nature},
	number = {6432},
	pages = {56--58},
	pmid = {8316296},
	title = {{A strategy of win-stay, lose-shift that outperforms tit-for-tat in the Prisoner's Dilemma game.}},
	volume = {364},
	year = {1993}
}

@inproceedings{Beaufils1997,
  title={{Our meeting with gradual, a good strategy for the iterated prisoner’s dilemma}},
  author={Beaufils, Bruno and Delahaye, Jean-Paul and Mathieu, Philippe},
  booktitle={Proceedings of the Fifth International Workshop on the Synthesis and Simulation of Living Systems},
  pages={202--209},
  year={1997}
}

@article{Banks1990,
  title={{Repeated games, finite automata, and complexity}},
  author={Banks, Jeffrey S and Sundaram, Rangarajan K},
  journal={Games and Economic Behavior},
  volume={2},
  number={2},
  pages={97--117},
  year={1990},
  publisher={Elsevier}
}

@article{Robson1990,
  title={{Efficiency in evolutionary games: Darwin, Nash and the secret handshake}},
  author={Robson, Arthur J},
  journal={Journal of theoretical Biology},
  volume={144},
  number={3},
  pages={379--396},
  year={1990},
  publisher={Elsevier}
}

@misc{PD2017,
  author       = {Unkwown},
  title        = {www.prisoners-dilemma.com},
  year         = 2017,
  howpublished          = {http://www.prisoners-dilemma.com/}
}

@article{Li2014,
  title= {{The effect of memory size on the evolutionary stability of strategies in iterated prisoner's dilemma}},
  author={Li, Jiawei and Kendall, Graham},
  journal={IEEE Transactions on Evolutionary Computation},
  volume={18},
  number={6},
  pages={819--826},
  year={2014},
  publisher={IEEE},
  doi  = {10.1109/TEVC.2013.2286492}
}

@article{Slany2007,
  title={On some winning strategies for the Iterated Prisoner’s Dilemma, or, Mr. Nice Guy and the Cosa Nostra},
  author={Slany, Wolfgang and Kienreich, Wolfgang and others},
  journal={The iterated prisoners’ dilemma},
  volume={20},
  pages={171},
  year={2007}
}

@inproceedings{Ashlock2014,
  title={{The evolution of exploitation}},
  author={Ashlock, Wendy and Tsang, Jeffrey and Ashlock, Daniel},
  booktitle={Foundations of Computational Intelligence (FOCI), 2014 IEEE Symposium on},
  pages={135--142},
  year={2014},
  organization={IEEE}
}

@article{Andre2013,
  year={2013},
  title={{Iterated Prisoner’s Dilemma-An extended analysis}},
  author={Carvalho, Andre LC and Rocha, Honovan P and Amaral, Felipe T and Guimaraes, Frederico G},
  publisher =    {SBIC},
  pages =        {1-6},
  doi = {10.21528/CBIC2013-202}
}
@article{Ashlock2008,
  title={{Fingerprinting: Visualization and automatic analysis of prisoner's dilemma strategies}},
  author={Ashlock, Daniel and Kim, Eun-Youn},
  journal={IEEE Transactions on Evolutionary Computation},
  volume={12},
  number={5},
  pages={647--659},
  year={2008},
  publisher={IEEE}
}

@article{Mathieu2015,
	author = {Mathieu, Philippe and Delahaye, Jean-Paul},
	isbn = {9781450337717},
	issn = {15582914},
	journal = {14th International Conference on Autonomous Agents and Multiagent Systems (AAMAS 2015)},
	pages = {1665--1666},
	title = {{New Winning Strategies for the Iterated Prisoner's Dilemma (Extended Abstract)}},
	year = {2015}
}

@article{Kraines1989,
  title={{Pavlov and the prisoner's dilemma}},
  author={Kraines, David and Kraines, Vivian},
  journal={Theory and decision},
  volume={26},
  number={1},
  pages={47--79},
  year={1989},
  publisher={Springer},
  doi = {10.1007/BF00134056},
  issn = {00405833},
}

@article{Roemheld2013,
  title={Evolutionary Extortion and Mischief: Zero Determinant strategies in iterated 2x2 games},
  author={Roemheld, Lars},
  journal={arXiv preprint arXiv:1308.2576},
  year={2013}
}

@InCollection{Kuhn2017,
	author       =	{Kuhn, Steven},
	title        =	{Prisoner's Dilemma},
	booktitle    =	{The Stanford Encyclopedia of Philosophy},
	editor       =	{Edward N. Zalta},
	howpublished =	{\url{https://plato.stanford.edu/archives/spr2017/entries/prisoner-dilemma/}},
	year         =	{2017},
	edition      =	{Spring 2017},
	publisher    =	{Metaphysics Research Lab, Stanford University}
}
